<record><leader>00000cas a22000007a 4500</leader><controlfield tag="001">20653188</controlfield><controlfield tag="008">891115d18911891pr wr ne      0    0spa d</controlfield><datafield ind1=" " ind2=" " tag="010"><subfield code="a">sn 89078364 </subfield></datafield><datafield ind1=" " ind2=" " tag="040"><subfield code="a">PNN</subfield><subfield code="b">eng</subfield><subfield code="c">PNN</subfield><subfield code="d">OCLCQ</subfield></datafield><datafield ind1=" " ind2=" " tag="042"><subfield code="a">msc</subfield></datafield><datafield ind1="0" ind2="3" tag="245"><subfield code="a">La idea.</subfield></datafield><datafield ind1=" " ind2=" " tag="260"><subfield code="a">San Juan, P.R. :</subfield><subfield code="b">Imp. de la Idea</subfield></datafield><datafield ind1=" " ind2=" " tag="300"><subfield code="a">v.</subfield></datafield><datafield ind1=" " ind2=" " tag="310"><subfield code="a">Weekly</subfield></datafield><datafield ind1="1" ind2=" " tag="362"><subfield code="a">Began in Feb. 1891; ceased in Apr. 1891.</subfield></datafield><datafield ind1=" " ind2=" " tag="500"><subfield code="a">&quot;Perio&#769;dico libre pensador de religio&#769;n, ciencias, poli&#769;tica, literatura y artes.&quot;</subfield></datafield><datafield ind1=" " ind2=" " tag="588"><subfield code="a">Description based on: An&#771;o 1, nu&#769;m. 6 (Marzo 8 de 1891).</subfield></datafield><datafield ind1=" " ind2=" " tag="752"><subfield code="a">United States</subfield><subfield code="b">Puerto Rico</subfield><subfield code="d">San Juan.</subfield></datafield></record>